<?xml version="1.0" encoding="UTF-8"?><collection xmlns="http://www.loc.gov/MARC21/slim"><record><leader>00472nam--2200169-i-4500</leader><controlfield tag="001">000048079</controlfield><controlfield tag="002">20161230</controlfield><controlfield tag="005">20161230201046</controlfield><controlfield tag="008">060222s1000------------r-----000-0-eng-d</controlfield><datafield ind1=" " ind2=" " tag="040"><subfield code="a">IFIN-HH</subfield></datafield><datafield ind1=" " ind2=" " tag="080"><subfield code="a">530</subfield></datafield><datafield ind1="1" ind2=" " tag="100"><subfield code="a">Khinchin, A.I</subfield></datafield><datafield ind1="1" ind2="0" tag="245"><subfield code="a">Mathematical foundations of statistical mechanics. transl.from the russian by g.gamov</subfield><subfield code="c">A.i. khinchin</subfield></datafield><datafield ind1=" " ind2=" " tag="260"><subfield code="a">New York</subfield><subfield code="b">Dover</subfield><subfield code="c">1949</subfield></datafield><datafield ind1=" " ind2=" " tag="300"><subfield code="a">VIII+179P</subfield></datafield><datafield ind1=" " ind2=" " tag="852"><subfield code="a">2026</subfield><subfield code="c">530.161</subfield></datafield><datafield ind1=" " ind2=" " tag="CAT"><subfield code="a">Sys</subfield><subfield code="c">20150211</subfield><subfield code="h">175900</subfield></datafield></record></collection>